<?xml version="1.0" encoding="UTF-8"?><collection xmlns="http://www.loc.gov/MARC21/slim"><record><leader>00386nam--2200133-i-4500</leader><controlfield tag="001">000021587</controlfield><controlfield tag="002">20161230</controlfield><controlfield tag="005">20161230201034</controlfield><controlfield tag="008">060222s1000------------r-----000-0-eng-d</controlfield><datafield ind1=" " ind2=" " tag="080"><subfield code="a">513.76(075.3)</subfield></datafield><datafield ind1=" " ind2=" " tag="100"><subfield code="a">Ionescu, Bujor C</subfield></datafield><datafield ind1=" " ind2=" " tag="245"><subfield code="a">Elemente de transformari geometrice.partea i</subfield></datafield><datafield ind1=" " ind2=" " tag="260"><subfield code="a">Bucuresti,Biblioteca Societatii De Stiinte Matematice Si Fizice, 1958. 302p</subfield></datafield><datafield ind1=" " ind2=" " tag="852"><subfield code="a">5355</subfield></datafield></record></collection>